<record><leader>00000cas a2200000 a 4500</leader><controlfield tag="001">11832023</controlfield><controlfield tag="008">850321d18771888ksuwr ne      0   a0eng d</controlfield><datafield ind1=" " ind2=" " tag="010"><subfield code="a">sn 85029107 </subfield></datafield><datafield ind1=" " ind2=" " tag="040"><subfield code="a">KSH</subfield><subfield code="b">eng</subfield><subfield code="c">KSH</subfield><subfield code="d">NPT</subfield><subfield code="d">MFN</subfield><subfield code="d">OCL</subfield><subfield code="d">OCLCQ</subfield></datafield><datafield ind1=" " ind2=" " tag="042"><subfield code="a">msc</subfield></datafield><datafield ind1="0" ind2="4" tag="245"><subfield code="a">The Winchester argus.</subfield></datafield><datafield ind1="1" ind2="3" tag="246"><subfield code="a">Argus</subfield></datafield><datafield ind1=" " ind2=" " tag="260"><subfield code="a">Winchester, Kan. :</subfield><subfield code="b">Cotton &amp; Gardiner</subfield></datafield><datafield ind1=" " ind2=" " tag="300"><subfield code="a">v.</subfield></datafield><datafield ind1=" " ind2=" " tag="310"><subfield code="a">Weekly</subfield></datafield><datafield ind1="1" ind2=" " tag="362"><subfield code="a">Began in 1877.</subfield></datafield><datafield ind1="0" ind2=" " tag="362"><subfield code="a">-v. 11, no. 31 (Jan. 12, 1888).</subfield></datafield><datafield ind1=" " ind2=" " tag="588"><subfield code="a">Description based on: Vol. 1, no. 11 (Aug. 23, 1877).</subfield></datafield><datafield ind1=" " ind2=" " tag="752"><subfield code="a">United States</subfield><subfield code="b">Kansas</subfield><subfield code="c">Jefferson</subfield><subfield code="d">Winchester.</subfield></datafield><datafield ind1="0" ind2="4" tag="785"><subfield code="t">Valley Falls new era (Valley Falls, Kan. : 1880)</subfield><subfield code="w">(DLC)sn 85029124</subfield></datafield></record>